@inproceedings{dietterich2000ensemble,
  title={Ensemble methods in machine learning},
  author={Dietterich, Thomas G},
  booktitle={International workshop on multiple classifier systems},
  pages={1--15},
  year={2000},
  organization={Springer}
}

@inproceedings{freund1996experiments,
  title={Experiments with a new boosting algorithm},
  author={Freund, Yoav and Schapire, Robert E and others},
  booktitle={icml},
  volume={96},
  pages={148--156},
  year={1996},
  organization={Citeseer}
}

@article{breiman1996bagging,
  title={Bagging predictors},
  author={Breiman, Leo},
  journal={Machine learning},
  volume={24},
  number={2},
  pages={123--140},
  year={1996},
  publisher={Springer}
}
@inproceedings{Caruana1993MultitaskLA,
  title={Multitask Learning: A Knowledge-Based Source of Inductive Bias},
  author={Rich Caruana},
  booktitle={ICML},
  year={1993}
}

@article{ruder2017overview,
  title={An overview of multi-task learning in deep neural networks},
  author={Ruder, Sebastian},
  journal={arXiv preprint arXiv:1706.05098},
  year={2017}
}

@inproceedings{lu2017fully,
  title={Fully-adaptive feature sharing in multi-task networks with applications in person attribute classification},
  author={Lu, Yongxi and Kumar, Abhishek and Zhai, Shuangfei and Cheng, Yu and Javidi, Tara and Feris, Rogerio},
  booktitle={Proceedings of the IEEE Conference on Computer Vision and Pattern Recognition},
  pages={5334--5343},
  year={2017}
}

@inproceedings{duong2015low,
  title={Low resource dependency parsing: Cross-lingual parameter sharing in a neural network parser},
  author={Duong, Long and Cohn, Trevor and Bird, Steven and Cook, Paul},
  booktitle={Proceedings of the 53rd Annual Meeting of the Association for Computational Linguistics and the 7th International Joint Conference on Natural Language Processing (Volume 2: Short Papers)},
  volume={2},
  pages={845--850},
  year={2015}
}

@inproceedings{yosinski2014transferable,
  title={How transferable are features in deep neural networks?},
  author={Yosinski, Jason and Clune, Jeff and Bengio, Yoshua and Lipson, Hod},
  booktitle={Advances in neural information processing systems},
  pages={3320--3328},
  year={2014}
}

@inproceedings{raina2007self,
  title={Self-taught learning: transfer learning from unlabeled data},
  author={Raina, Rajat and Battle, Alexis and Lee, Honglak and Packer, Benjamin and Ng, Andrew Y},
  booktitle={Proceedings of the 24th international conference on Machine learning},
  pages={759--766},
  year={2007},
  organization={ACM}
}

@article{egan2004effects,
  title={The effects of organizational learning culture and job satisfaction on motivation to transfer learning and turnover intention},
  author={Egan, Toby Marshall and Yang, Baiyin and Bartlett, Kenneth R},
  journal={Human resource development quarterly},
  volume={15},
  number={3},
  pages={279--301},
  year={2004},
  publisher={Wiley Online Library}
}

@inproceedings{glorot2011domain,
  title={Domain adaptation for large-scale sentiment classification: A deep learning approach},
  author={Glorot, Xavier and Bordes, Antoine and Bengio, Yoshua},
  booktitle={Proceedings of the 28th international conference on machine learning (ICML-11)},
  pages={513--520},
  year={2011}
}

@inproceedings{huang2016mtnet,
  title={Mtnet: a multi-task neural network for dynamic malware classification},
  author={Huang, Wenyi and Stokes, Jack W},
  booktitle={International Conference on Detection of Intrusions and Malware, and Vulnerability Assessment},
  pages={399--418},
  year={2016},
  organization={Springer}
}

@inproceedings{girshick2015fast,
  title={Fast r-cnn},
  author={Girshick, Ross},
  booktitle={Proceedings of the IEEE international conference on computer vision},
  pages={1440--1448},
  year={2015}
}

@inproceedings{long2017learning,
  title={Learning multiple tasks with multilinear relationship networks},
  author={Long, Mingsheng and Cao, Zhangjie and Wang, Jianmin and Philip, S Yu},
  booktitle={Advances in Neural Information Processing Systems},
  pages={1594--1603},
  year={2017}
}

@inproceedings{liu2017deep,
  title={Deep learning for extreme multi-label text classification},
  author={Liu, Jingzhou and Chang, Wei-Cheng and Wu, Yuexin and Yang, Yiming},
  booktitle={Proceedings of the 40th International ACM SIGIR Conference on Research and Development in Information Retrieval},
  pages={115--124},
  year={2017},
  organization={ACM}
}

@article{lecun1998gradient,
  title={Gradient-based learning applied to document recognition},
  author={LeCun, Yann and Bottou, L{\'e}on and Bengio, Yoshua and Haffner, Patrick and others},
  journal={Proceedings of the IEEE},
  volume={86},
  number={11},
  pages={2278--2324},
  year={1998},
  publisher={Taipei, Taiwan}
}

@article{lecun2015lenet,
  title={LeNet-5, convolutional neural networks},
  author={LeCun, Yann and others},
  journal={URL: http://yann. lecun. com/exdb/lenet},
  volume={20},
  year={2015}
}

@inproceedings{huang2017densely,
  title={Densely connected convolutional networks},
  author={Huang, Gao and Liu, Zhuang and Van Der Maaten, Laurens and Weinberger, Kilian Q},
  booktitle={Proceedings of the IEEE conference on computer vision and pattern recognition},
  pages={4700--4708},
  year={2017}
}

@inproceedings{tang2018deep,
  title={Deep residual learning for small-footprint keyword spotting},
  author={Tang, Raphael and Lin, Jimmy},
  booktitle={2018 IEEE International Conference on Acoustics, Speech and Signal Processing (ICASSP)},
  pages={5484--5488},
  year={2018},
  organization={IEEE}
}

@article{sainath2015convolutional,
  title={Convolutional neural networks for small-footprint keyword spotting},
  author={Sainath, Tara and Parada, Carolina},
  year={2015}
}

@misc{speechcommandsdataset,
   author = "Pete Warden",
   title = "Launching the Speech Commands Dataset",
   howpublished = {\url{https://research.googleblog.com/2017/08/launching-speech-commands-dataset.html}},
   year = 2017
}

@techreport{krizhevsky2009learning,
  title={Learning multiple layers of features from tiny images},
  author={Krizhevsky, Alex and Hinton, Geoffrey},
  year={2009},
  institution={Citeseer}
}